@online{KI-Rassismus,
  author={hateaid},
  title={KI-Rassismus},
  url={"https://hateaid.org/ki-rassismus/"},
  urldate={2023-06-06},
  year={2023}
}

